
@article( Aho79Optimal, 
  author =	"A.V. Aho
		and J.D. Ullman", 
  title =	"
Optimal Partial Match Retrieval When Fields Are Independently Specified", 
  year =	1979, 
  month =	jun, 
  journal =	"ACM TODS", 
  volume =	4, 
  number =	2, 
  pages =	"168-179", 
  keywords =	"seckey mah" )

@inproceedings{shin2017dcube,
  author = {Kijung Shin and Bryan Hooi and Jisu Kim and Christos Faloutsos},
  title = {D-Cube: Dense-Block Detection in Terabyte-Scale Tensors},
  booktitle = {Proceedings of the 10th ACM International Conference on Web Search and Data Mining}, 
  series = {WSDM '17},
  year = {2017},
  location = {Cambridge, UK},
  publisher = {ACM}
}

